@article{einstein,
	journal = {Annalen der Physik},
	number = {10},
	title = {{Zur Elektrodynamik bewegter KÃ¶rper}. ({German}) [{On} the electrodynamics of moving bodies]},
	volume = {322},
	author = {Einstein, Albert},
	pages = {891--921},
	date = {1905},
	year = {1905},
}
@book{mac2013categories,
	publisher = {Springer Science &Business Media},
	title = {Categories for the working mathematician},
	volume = {5},
	author = {Mac Lane, Saunders},
	date = {2013},
	year = {2013},
}

